
@paper{Adam Childs, Jesse Greenwald, Georg Jung, Matthew Hoosier, and John Hatcliff,
  title={CALM and Cadena:Metamodeling for Component-Based Product-Line Development},
  author={Adam Childs, Jesse Greenwald, Georg Jung, Matthew Hoosier, and John Hatcliff, D.},
  isbn={9781417642595},
  year={2006},
}


@paper2{Karsten Ehrig, Jochen M. K ̈uster, Gabriele Taentzer, and Jessica Winkelmann,
  title={Generating Instance Models from Meta Models},
  author={Karsten Ehrig, Jochen M. K ̈uster, Gabriele Taentzer, and Jessica Winkelmann},
  isbn={9781417642595},
  year={2005},
}